<?xml version="1.0" encoding="UTF-8"?><record xmlns="http://www.loc.gov/MARC21/slim" xmlns:cinclude="http://apache.org/cocoon/include/1.0" xmlns:zs="http://www.loc.gov/zing/srw/">
  <leader>00478nz  a2200145n  4500</leader>
  <controlfield tag="001">no2005064072</controlfield>
  <controlfield tag="003">DLC</controlfield>
  <controlfield tag="005">20050714051807.0</controlfield>
  <controlfield tag="008">050713n| acannaabn          |n aaa     c</controlfield>
  <datafield tag="010" ind1=" " ind2=" ">
    <subfield code="a">no2005064072</subfield>
  </datafield>
  <datafield tag="035" ind1=" " ind2=" ">
    <subfield code="a">(OCoLC)oca06679734</subfield>
  </datafield>
  <datafield tag="040" ind1=" " ind2=" ">
    <subfield code="a">IAhCCS</subfield>
    <subfield code="b">eng</subfield>
    <subfield code="c">IAhCCS</subfield>
  </datafield>
  <datafield tag="100" ind1="1" ind2=" ">
    <subfield code="a">Hammond, Nicholas,</subfield>
    <subfield code="d">1950-</subfield>
  </datafield>
  <datafield tag="670" ind1=" " ind2=" ">
    <subfield code="a">Double solitaire, 2003:</subfield>
    <subfield code="b">credits (Nicholas Hammond)</subfield>
  </datafield>
  <datafield tag="670" ind1=" " ind2=" ">
    <subfield code="a">Internet movie database, July 13, 2005</subfield>
    <subfield code="b">(Nicholas Hammond, actor; b. May 15, 1950 in Washington, D.C.)</subfield>
  </datafield>
</record>